% Encoding: UTF-8

@article{严蔚敏1992数据结构第二版,
  title={数据结构第二版},
  author={严蔚敏 and 吴伟民},
  journal={清华大学出版社 200l—1},
  year={1992}
}

@Comment{jabref-meta: databaseType:bibtex;}
